<?xml version="1.0" encoding="UTF-8"?><collection xmlns="http://www.loc.gov/MARC21/slim"><record><leader>00556nam--2200181-i-4500</leader><controlfield tag="001">000007860</controlfield><controlfield tag="002">20161230</controlfield><controlfield tag="005">20170119000237</controlfield><controlfield tag="008">060222s1000------------r-----000-0-eng-d</controlfield><datafield ind1=" " ind2=" " tag="040"><subfield code="a">IFIN-HH</subfield></datafield><datafield ind1=" " ind2=" " tag="080"><subfield code="a">517.2/3</subfield></datafield><datafield ind1="1" ind2=" " tag="100"><subfield code="a">Gaina, S</subfield></datafield><datafield ind1="1" ind2="0" tag="245"><subfield code="a">Culegere de probleme de calcul diferential si integral</subfield><subfield code="b">II Serii Integrale pe interval necompact, Integrale cu parametru</subfield><subfield code="c">S. Gaina; E. Campu; Gh. Bucur</subfield></datafield><datafield ind1=" " ind2=" " tag="260"><subfield code="a">Bucuresti</subfield><subfield code="b">Editura Tehnica</subfield><subfield code="c">1966</subfield></datafield><datafield ind1=" " ind2=" " tag="300"><subfield code="a">366 p</subfield></datafield><datafield ind1="1" ind2=" " tag="700"><subfield code="a">Bucur, Gh</subfield></datafield><datafield ind1=" " ind2=" " tag="852"><subfield code="a">27758</subfield><subfield code="c">517.2/3</subfield></datafield><datafield ind1=" " ind2=" " tag="CAT"><subfield code="a">SYS</subfield><subfield code="c">20170119</subfield><subfield code="h">000237</subfield></datafield></record></collection>